@inproceedings{G13,
	author = {Gousios, Georgios},
	title = {The {GHT}orrent dataset and tool suite},
	year = {2013},
	month = may,
	pages = {233--236},
	numpages = {4},
	booktitle = {Proceedings of the 10th Working Conference on Mining Software Repositories},
	series = {MSR '13},
	isbn = {978-1-4673-2936-1},
	location = {San Francisco, CA, USA},
	url = {/pub/ghtorrent-dataset-toolsuite.pdf},
	github = {gousiosg/github-mirror},
	speakerdeck = {75bea5909fbb0130f0eb364613f6f036},
	award = {MSR2013: Best data showcase paper},
	note = {Best data showcase paper award}
}

@misc{GHA,
	howpublished = {\url{https://www.gharchive.org}},
	author = {Ilya Grigorik},
	title = {{GH Archive}},
	note = {Accessed on 2020-05-12}
}

@misc{GIST1,
	howpublished = {\url{https://gist.github.com/0penBrain/7be59a48aba778c955d992aa69e524c5}},
	author = {0penBrain},
	title = {{The simplest way to get commit count of a GitHub repository through the API}},
	note = {Accessed on 2020-02-22}
}

@misc{FORKS,
	author = {Zac Bowling},
	title = {GitHub forking has one big flaw},
	howpublished = {\url{http://zbowling.github.io/blog/2011/11/25/github}},
	year = {2011},
	note = {Accessed on 2020-03-01},
}

@book{GIT,
    author = {Jon Loelinger},
    title = {{Version Control with Git: Powerful tools and techniques for collaborative software development}},
    publisher = {O'Reilley},
    year = {2009},
	month = {June},
	series = {MSR '13},
	isbn = {978-0596520120}
}

@misc{GITHUBHELP,
    howpublished = {\url{https://help.github.com/en/github/getting-started-with-github/github-glossary}},
	author = {GitHub Help},
	title = {{GitHub glossary}},
	note = {Accessed on 2020-02-22}
}

@misc{METRICSWATCHERS,
    howpublished = {\url{https://www.metrics-toolkit.org/github-forks-collaborators-watchers}},
	author = {Metrics Toolkit},
	title = {{Github: Forks, Collaborators, Watchers}},
	note = {Accessed on 2020-02-23},
}

@inproceedings{WATCHERS14,
	author = {Sheoran, Jyoti and Blincoe, Kelly and Kalliamvakou, Eirini and Damian, Daniela and Ell, Jordan},
	year = {2014},
	month = {May},
	pages = {336â€“339},
	numpages = {4},
	title = {{Understanding ``Watchers'' on GitHub}},
	booktitle = {Proceedings of the 11th Working Conference on Mining Software Repositories},
	doi = {10.1145/2597073.2597114},
	series = {MSR '14},
	location = {Victoria, BC, Canada}
}

@misc{STARS,
	author = {Kyle Neath},
	title = {Notifications \& {S}tars},
	howpublished = {\url{https://github.blog/2012-08-06-notifications-stars}},
	year = {2012},
	month = {August},
	note = {Accessed on 2020-03-01}
}